@article{festingerCognitiveDissonance1962,
  title = {Cognitive {{Dissonance}}},
  author = {Festinger, Leon},
  year = {1962},
  journal = {Scientific American},
  volume = {207},
  number = {4},
  eprint = {24936719},
  eprinttype = {jstor},
  pages = {93--106},
  publisher = {Scientific American, a division of Nature America, Inc.},
  issn = {0036-8733},
  urldate = {2025-01-10},
  file = {/Users/sophie/Zotero/storage/X6QSR5B9/Festinger - 1962 - Cognitive Dissonance.pdf}
}
