
@article{alexandrou2024,
	title = {Underwater virtual exploration of the ancient port of Amathus},
	author = {Alexandrou, Antreas and {{\v{S}}kola}, Filip and Skarlatos, Dimitrios and Demesticha, Stella and Liarokapis, Fotis and Aristidou, Andreas},
	year = {2024},
	month = {11},
	date = {2024-11},
	journal = {Journal of Cultural Heritage},
	pages = {181--193},
	volume = {70},
	doi = {10.1016/j.culher.2024.09.006},
	url = {http://dx.doi.org/10.1016/j.culher.2024.09.006},
	langid = {en}
}
